@Book{libro1,
  author =    {Werner Hilf and Anton Nausch},
  title =    {The 68000 family},
  publisher =    {Prentice Hall},
  year =     {1988},
  volume =    {1}
}
